=LDR  00000nam a22000003i 4500
=005  20251108121611.3
=008  251108s1995||||fr\||||||||||||||\||fre||
=033  1\$a19950324$a19950327
=040  \\$aUkOxU$beng$erda$cUkOxU
=245  00$aArts d'Orient archéologie et Islam : $bvente aux enchères publiques. 
=264  \1$aParis : $bClaude Boisgirard, $c[1995?]
=300  \\$a92 pages ; $c27 cm
=336  \\$atext$2rdacontent
=337  \\$aunmediated$2rdamedia
=338  \\$avolume$2rdacarrier
=500  \\$aVendredi 24 mars - Salle 7; No 1 à 180: Une importante collection de tissus coptes et islamiques, principalement Coptes, Abbasisides, Fatimides et Mamelouks; fragments de Fostat; verres antiques, terres cuites, sculpture, bijoux, bronzes, art'Arménien et Chrétien d'Orient, art Egyptien; Lundi 27 mars - Salle 5, No 181 à 378: Art de l'Islam; céramiques, argenterie et métaux, Eléments dárchitecture; art Kadjar: un portrait de Nasreddin Shah, Imortant ensemble de Laques; verrerie de Bohême det de Beykoz; miniatures persanes et Indiennes: deux pages d'un Coran Andalou; textiles et tapis. 
=876  \\$p308241113
=904  \\$aOxford Local Record

