=LDR  00000nam a22000003i 4500
=005  20251108121611.3
=008  251108s2001||||cau||||||||||||||\||eng||
=024  8\$a7247O
=033  0\$a20010611
=040  \\$aUkOxU$beng$erda$cUkOxU
=245  00$aFine Asian works of art : $bvolume O69. 
=264  \1$aSan Francisco : $bButterfields Auctioneers Corp., $c[2001?]
=264  \4$c©2001
=300  \\$a157 pages ; $c28 cm
=336  \\$atext$2rdacontent
=337  \\$aunmediated$2rdamedia
=338  \\$avolume$2rdacarrier
=500  \\$aSession I: Fine Japanese and Korean Works of Art 10am Lots 2001-2202; Session II: Fine Chinese, Indian, Himalayan and Southeast Asian Works of Art 1pm Lots 2205-2394. 
=876  \\$p308241142
=904  \\$aOxford Local Record

