=LDR  00000nam a22000003i 4500
=005  20251108121611.3
=008  251108s1995||||cc\||||||||||||||\||chi||
=033  0\$a19951030
=040  \\$aUkOxU$beng$erda$cUkOxU
=041  0\$achi$aeng
=245  00$6880-01$aFujian Sheng shou jie Zhongguo shu hua: gu wan pai mai hui. 
=246  31$afirst Fujian Province's auction of fine Chinese calligraphy & curio
=264  \1$aFuzhou : $bFujian Province Auctioneer, $c[1995?]
=300  \\$a116 pages ; $c29 cm
=336  \\$atext$2rdacontent
=337  \\$aunmediated$2rdamedia
=338  \\$avolume$2rdacarrier
=876  \\$p308241143
=880  00$6245-01$a福建省首届中國書畫·古玩拍賣會. 
=904  \\$aOxford Local Record

