=LDR  00000nam a22000003i 4500
=005  20251108121611.3
=008  251108s2000||||cc\||||||||||||||\||eng||
=033  0\$a20000729
=040  \\$aUkOxU$beng$erda$cUkOxU
=041  0\$aeng$achi
=245  00$aFine modern and contemporary Chinese paintings. 
=246  31$6880-01$ajin dai Zhonguo hua shu pai mai hui
=264  \1$aHong Kong : $bTreasure Auctioneer Limited, $c[2000?]
=300  \\$a120 pages ; $c27 cm
=336  \\$atext$2rdacontent
=337  \\$aunmediated$2rdamedia
=338  \\$avolume$2rdacarrier
=876  \\$p308241144
=880  31$6246-01$a近代中國書畫拍賣會
=904  \\$aOxford Local Record

