=LDR  00000nam a22000003i 4500
=005  20251108121611.3
=008  251108s1998||||cc\||||||||||||||\||chi||
=033  1\$a19980801$a19980802$a19980803
=040  \\$aUkOxU$beng$erda$cUkOxU
=041  0\$achi$aeng
=245  00$6880-01$aBeijing Han Hai yi shu pin pai mai gong si '98 chun ji pai mai hui : $bZhongguo shu hua (jin xian dai). 
=246  31$aBeijing Hanhai '98 Spring Auctions$bmodern and contemporary Chinese paintings
=264  \1$aBeijing : $bBeijing Hanhai Art Auction Corp., $c1998
=300  \\$aapproximately 300 pages ; $c29 cm
=336  \\$atext$2rdacontent
=337  \\$aunmediated$2rdamedia
=338  \\$avolume$2rdacarrier
=500  \\$a拍賣品第1-500C 號；Lots 1-500C. 
=876  \\$p308241145
=880  00$6245-01$a北京瀚海藝術品拍賣公司‘98春季拍賣會 : $b中國書畫（近現代）. 
=904  \\$aOxford Local Record

