=LDR  00000nam a22000003i 4500
=005  20251108121611.3
=008  251108s1998||||cc\||||||||||||||\||chi||
=033  1\$a19981030$a19981031
=040  \\$aUkOxU$beng$erda$cUkOxU
=041  0\$achi$aeng
=245  00$6880-01$a98 qiu ji yi shu pin pai mai hui : $bBeijing Rong Bao yi shu pin pai mai you xian ze ren gong si. 
=246  31$aPaintings and calligraphy$bthe autumn auction of Beijing Rongbao art
=264  \1$aBeijing : $bRong Bao Arts Auctions Co., Ltd., $c[1998?]
=300  \\$aapproximately 140 pages ; $c29 cm
=336  \\$atext$2rdacontent
=337  \\$aunmediated$2rdamedia
=338  \\$avolume$2rdacarrier
=876  \\$p308241146
=880  00$6245-01$a98秋季藝術品拍賣會 : $b北京榮寶藝術品拍賣有限責任公司. 
=904  \\$aOxford Local Record

