=LDR  00000nam a22000003i 4500
=005  20251108121611.3
=008  251108s1949||||enk||||||||||||||\||eng||
=020  \\$a9788000000000
=033  0\$a
=040  \\$aUkOxU$beng$erda$cUkOxU
=245  00$aNineteen Eighty-four : $bA parable for our times. 
=246  3\$b1984
=264  \1$aLondon : $bPenguin, $c1949
=264  \4$c©1949
=300  \\$a pages ; $c15 cm
=336  \\$atext$2rdacontent
=337  \\$aunmediated$2rdamedia
=338  \\$avolume$2rdacarrier
=490  0\$aPenguin Classics
=876  \\$p*dummy*
=904  \\$aOxford Local Record
